<?xml version="1.0" encoding="UTF-8"?><collection xmlns="http://www.loc.gov/MARC21/slim"><record><leader>00482nam--2200121-i-4500</leader><controlfield tag="001">000038706</controlfield><controlfield tag="002">20161230</controlfield><controlfield tag="005">20161230201041</controlfield><controlfield tag="008">060222s1000------------r-----000-0-eng-d</controlfield><datafield ind1=" " ind2=" " tag="080"><subfield code="a">608</subfield></datafield><datafield ind1=" " ind2=" " tag="245"><subfield code="a">Regulamentul inovatiilor aprobat prin hcm nr.2267/1953. extras din regulamentul de organizare si functionare al oiciului de stat pentru standarde si inventii (ossi) aprobat prin hcm nr.718/1955</subfield></datafield><datafield ind1=" " ind2=" " tag="260"><subfield code="a">Bucuresti, Ed.De Stat Pentru Imprimate Si Publicatii, 1953. 85 P</subfield></datafield><datafield ind1=" " ind2=" " tag="852"><subfield code="a">26011</subfield></datafield></record></collection>